
@misc{vk,
	title="VK | Что такое VK [Электронный ресурс]",
	howpublished="Режим доступа: \url{https://vk.company/ru/company/about/} (дата обращения: \today)"
}
